@misc{glisc,
	author={{Grey Literature International Steering Committee}},
	title={{GLISC}},
	month={oct},
	year={2014},
	note = "[Online; acedido em Outubro 2014]"
}
@article{siliclot,
	title={"What is a silicon lottery?"},
	note="https://www.nicehash.com/blog/post/what-is-a-silicon-lottery-and-how-does-affect-mining"
}
@misc{furmark,
	title={"Furmark"},
	note="https://geeks3d.com/furmark/"
}
@misc{hardware,
	title={"Hardware"},
	note="https://www.hardware.com/"
}
@misc{canaltech,
	title={"Canal Tech"},
	note="https://canaltech.com/"
}

